<record><leader>00000cas a22000007a 4500</leader><controlfield tag="001">13859497</controlfield><controlfield tag="008">860711d1887188uinudn ne      0    0eng d</controlfield><datafield ind1=" " ind2=" " tag="010"><subfield code="a">sn 86058673 </subfield></datafield><datafield ind1=" " ind2=" " tag="040"><subfield code="a">NPI</subfield><subfield code="b">eng</subfield><subfield code="c">NPI</subfield><subfield code="d">OCL</subfield><subfield code="d">OCLCQ</subfield></datafield><datafield ind1=" " ind2=" " tag="042"><subfield code="a">msc</subfield></datafield><datafield ind1="0" ind2="0" tag="245"><subfield code="a">Noblesville daily independent.</subfield></datafield><datafield ind1=" " ind2=" " tag="260"><subfield code="a">Noblesville, Ind. :</subfield><subfield code="b">W.H. Boswell</subfield></datafield><datafield ind1=" " ind2=" " tag="300"><subfield code="a">v. :</subfield><subfield code="b">ill.</subfield></datafield><datafield ind1=" " ind2=" " tag="310"><subfield code="a">Daily (except Sun.)</subfield></datafield><datafield ind1="1" ind2=" " tag="362"><subfield code="a">Began in Apr.? 1887; ceased by 1888.</subfield></datafield><datafield ind1=" " ind2=" " tag="500"><subfield code="a">Despite their titles, the "Noblesville independents" had strong Democratic leanings. Cf. Miller, John W. Indiana newspaper bibliog.</subfield></datafield><datafield ind1=" " ind2=" " tag="580"><subfield code="a">Published also in a weekly edition called: Noblesville independent (Noblesville, Ind. : 1877).</subfield></datafield><datafield ind1=" " ind2=" " tag="588"><subfield code="a">Description based on: Vol. 1, no. 138 (Sept. 30, 1887).</subfield></datafield><datafield ind1=" " ind2=" " tag="752"><subfield code="a">United States</subfield><subfield code="b">Indiana</subfield><subfield code="c">Hamilton</subfield><subfield code="d">Noblesville.</subfield></datafield><datafield ind1="1" ind2=" " tag="775"><subfield code="t">Noblesville independent (Noblesville, Ind. : 1877)</subfield><subfield code="w">(DLC)sn 86058672</subfield></datafield><datafield ind1="1" ind2=" " tag="029"><subfield code="a">AU@</subfield><subfield code="b">000022278598</subfield></datafield></record>